@article{phone,
author = {张敏敏 \& 陈美芬 \& 胡 瑜},
title = {大学生手机依赖及其与学业拖延的关系},
journal = {心理学进展},
volurme = {9},
number = {2},
year = {2019},
pages = {255-263},
doi = {
	10.12677/AP.2019.92033
},
URL = {
	https://doi.org/10.12677/ap.2019.92033

},

}

@article{delay,
author = {庞维国 \& 韩贵宁},
title = {我国大学生学习拖延的现状与成因研究},
journal = {教育改革与发展},
volurme = {30},
number = {6},
year = {2009},
pages = {59-65+94},
doi = {
	10.14138/j.1001-4519.2009.06.011
},
URL = {
	https://doi.org/10.14138/j.1001-4519.2009.06.011
},
}

@article{learninggoal,
author = {张小红},
title = {当代大学生学习动机现状与原因分析},
journal = {成都信息工程学院学报},
volurme = {21},
number = {05},
year = {2006},
pages = {755-758}，
doi = {
	
},
URL = {
	http://kns.cnki.net//KXReader/Detail?TIMESTAMP=636937178652620000&DBCODE=CJFQ&TABLEName=CJFD2006&FileName=CDQX200605029&RESULT=1&SIGN=z9kSMoHYQphEyvQSpQ5F9ek7%2bUM%3d
},
}

@article{genderdifference,
author = {彭晓燕 \& 曾柱 \& 王赟 \& 刘红美 \& 胡祖权;},
title = {高校大学生学习状况的性别差异分析},
journal = {教育现代化},
volurme = {6},
number = {13},
year = {2019},
pages = {166-168}，
doi = {
	10.16541/j.cnki.2095-8420.2019.13.054
},
URL = {
	https://doi.org/10.16541/j.cnki.2095-8420.2019.13.054
},
}

@Misc{game,
howpublished = {\url{https://www.aboluowang.com/2018/0715/1144060.html}},
title = {焚心！女大学生万言帖揭秘中国大学真实现状},
author = {zhongkang}
}

@Misc{
howpublished = {\url{}},
title = {},
author = {}
}